@book{biner2017programming,
  title     = {Programming phase-field modeling},
  author    = {Biner, S Bulent},
  year      = {2017},
  publisher = {Springer}
}

@article{allen1972ground,
  title     = {Ground state structures in ordered binary alloys with second neighbor interactions},
  author    = {Allen, Samuel Miller and Cahn, John W},
  journal   = {Acta Metallurgica},
  volume    = {20},
  number    = {3},
  pages     = {423--433},
  year      = {1972},
  publisher = {Elsevier}
}

@article{allen1973correction,
  title     = {A correction to the ground state of fcc binary ordered alloys with first and second neighbor pairwise interactions},
  author    = {Allen, Samuel M and Cahn, John W},
  journal   = {Scripta Metallurgica},
  volume    = {7},
  number    = {12},
  pages     = {1261--1264},
  year      = {1973},
  publisher = {Elsevier}
}

@book{provatas2011phase,
  title     = {Phase-field methods in materials science and engineering},
  author    = {Provatas, Nikolas and Elder, Ken},
  year      = {2011},
  publisher = {John Wiley \& Sons}
}
@article{cahn1958free,
  title     = {Free energy of a nonuniform system. I. Interfacial free energy},
  author    = {Cahn, John W and Hilliard, John E},
  journal   = {The Journal of chemical physics},
  volume    = {28},
  number    = {2},
  pages     = {258--267},
  year      = {1958},
  publisher = {American Institute of Physics}
}

